

@BOOK{a1,
	title={Comparative evaluation of British and American strategy in the Southern Campaign of 1780-1781.},
	author={Someone},
	address={Fort Leavenworth, KS},
	publisher={U.S. Army Command and General Staff College},
	year=2002,
	pages={107pp},
	note = "{This is an annotation about this book.}"
	}

@BOOK{a2,
	title={Brave decisions : moral courage from the Revolutionary War to Desert Storm / Harry J. Maihafer.},
	author={Harry J. Maihafer},
	address={Washington},
	publisher={Brassey's},
	year=1995,
	pages={263pp},
	note = "{This is another annotation about another book.}"
	}


